@misc{clarke_realimpact_2023,
    title={RealImpact: A Dataset of Impact Sound Fields for Real Objects}, 
    author={Samuel Clarke and Ruohan Gao and Mason Wang and Mark Rau and Julia Xu and Jui-Hsien Wang and Doug L. James and Jiajun Wu},
    year={2023},
    eprint={2306.09944},
    archivePrefix={arXiv},
}
