@phdthesis{starch_perimetry_1908,
  author = {Daniel Starch},
  title = {Perimetry of the Localization of Sound},
  school = {State University of Iowa},
  year = {1908},
  pages = {35 ff.},
  type = {Ph.D. dissertation}
}

@article{cook_sound_production_2002,
  author = {P. R. Cook},
  title = {Sound Production and Modeling},
  journal = {IEEE Computer Graphics \& Applications},
  volume = {22},
  number = {4},
  pages = {23--27},
  year = {2002},
  month = {July/Aug.}
}

@article{van_den_doel_sounds_of_physical_shapes_1998,
  author = {K. van den Doel and D. K. Pai},
  title = {The sounds of physical shapes},
  journal = {Presence: Teleoperators and Virtual Environments},
  volume = {7},
  number = {4},
  pages = {382--395},
  year = {1998}
}

@article{so_surround_2006,
  author = {So, R.H.Y. and Leung, N.M. and Braasch, J. and Leung, K.L.},
  title = {A low cost, non-individualized surround sound system based upon head-related transfer functions: An Ergonomics study and prototype development},
  journal = {Applied Ergonomics},
  volume = {37},
  pages = {695--707},
  year = {2006}
}

@ARTICLE{painter_perceptual_coding_2000,
    author={Painter, T. and Spanias, A.},
    journal={Proceedings of the IEEE}, 
    title={Perceptual coding of digital audio}, 
    year={2000},
    volume={88},
    number={4},
    pages={451-515},
    doi={10.1109/5.842996}
}

@book{shabana_vibration_2012,
  author = {Shabana, A. A.},
  title = {Theory of Vibration: An Introduction},
  publisher = {Springer Science \& Business Media},
  year = {2012}
}

@article{funkhouser_beam_2004,
    title = {A beam tracing method for interactive architectural acoustics},
    volume = {115},
    issn = {0001-4966, 1520-8524},
    url = {https://pubs.aip.org/jasa/article/115/2/739/546397/A-beam-tracing-method-for-interactive},
    doi = {10.1121/1.1641020},
    language = {en},
    number = {2},
    urldate = {2024-03-08},
    journal = {The Journal of the Acoustical Society of America},
    author = {Funkhouser, Thomas and Tsingos, Nicolas and Carlbom, Ingrid and Elko, Gary and Sondhi, Mohan and West, James E. and Pingali, Gopal and Min, Patrick and Ngan, Addy},
    month = feb,
    year = {2004},
    pages = {739--756},
}

@article{james_precomputed_acoustic_2006,
    author = {Doug L James and Jernej Barbic and Dinesh K Pai},
    title = {Precomputed Acoustic Transfer: Output-sensitive, accurate sound generation for geometrically complex vibration sources},
    journal = {ACM Transactions on Graphics (TOG)},
    volume = {25},
    number = {3},
    pages = {987--995},
    year = {2006}
}

@article{chadwick_harmonic_shells_2009,
  author  = {J. N. Chadwick and S. S. An and D. L. James},
  title = {Harmonic Shells: A Practical Nonlinear Sound Model for Near-Rigid Thin Shells},
  journal = {ACM Transactions on Graphics},
  month = aug,
  year = {2009}
}

@book{liu_fast_multipole_bem_2009,
  author = {Y. J. Liu},
  title = {Fast Multipole Boundary Element Method: Theory and Applications in Engineering},
  publisher = {Cambridge University Press},
  address = {Cambridge},
  year = {2009},
}

@article{allen_aerophones_2015,
  author = {A. Allen and N. Raghuvanshi},
  title = {Aerophones in Flatland: Interactive Wave Simulation of Wind Instruments},
  journal = {ACM Transactions on Graphics},
  volume = {34},
  number = {4},
  year = {2015},
  month = {Aug},
  note = {Proceedings of SIGGRAPH 2015}
}

@inbook{schneider_fdtd_2010,
   author = {John B. Schneider},
   title = {Understanding the Finite-Difference Time-Domain Method},
   year = {2010},
   url = {www.eecs.wsu.edu/~schneidj/ufdtd},
   chapter = {12},
   page = {323},
}

@article{zheng_rigid_body_fracture_2010,
    author = {Changxi Zheng and Doug L. James},
    title  = {Rigid-Body Fracture Sound with Precomputed Soundbanks},
    journal = {ACM Transactions on Graphics (Proceedings of SIGGRAPH 2010)},
    year = {2010},
    volume = {29},
    number = {3},
    month  = jul,
    url = {http://www.cs.cornell.edu/projects/fracturesound/}
}

@article{zheng_modal_contact_2011,
    author = {Changxi Zheng and Doug L. James},
    title  = {Toward High-Quality Modal Contact Sound},
    journal = {ACM Transactions on Graphics (Proceedings of SIGGRAPH 2011)},
    year = {2011},
    volume = {30},
    number = {4},
    month  = Aug,
    url = {http://www.cs.cornell.edu/projects/Sound/mc}
}

@article{yeh_wave_ray_2013,
    title = {Wave-ray coupling for interactive sound propagation in large complex scenes},
    volume = {32},
    issn = {0730-0301},
    url = {https://doi.org/10.1145/2508363.2508420},
    doi = {10.1145/2508363.2508420},
    number = {6},
    urldate = {2024-03-07},
    journal = {ACM Transactions on Graphics},
    author = {Yeh, Hengchin and Mehra, Ravish and Ren, Zhimin and Antani, Lakulish and Manocha, Dinesh and Lin, Ming},
    month = nov,
    year = {2013},
    keywords = {interactive applications, scattering, sound propagation, source simulation},
    pages = {165:1--165:11},
}

@article{langlois_inverse_foly_2014,
    author = {Timothy R. Langlois and Doug L. James},
    title  = {Inverse-Foley Animation: Synchronizing rigid-body motions to sound},
    journal = {ACM Transactions on Graphics (Proceedings of SIGGRAPH 2014)},
    year = {2014},
    volume = {33},
    number = {4},
    month  = Aug,
    doi = {10.1145/2601097.2601178},
    url = {http://www.cs.cornell.edu/projects/Sound/ifa}
}

@article{wang_wbss_2018,
    author = {Wang, Jui-Hsien and Qu, Ante and Langlois, Timothy R. and James, Doug L.},
    title = {Toward Wave-based Sound Synthesis for Computer Animation},
    journal = {ACM Trans. Graph.},
    issue_date = {August 2018},
    volume = {37},
    number = {4},
    year = {2018},
    issn = {0730-0301},
    pages = {109:1--109:16},
    articleno = {109},
    numpages = {16},
    url = {http://doi.acm.org/10.1145/3197517.3201318},
    doi = {10.1145/3197517.3201318},
    acmid = {3201318},
    publisher = {ACM},
}

@article{wang_kleinpat_2019,
    title = {{KleinPAT}: optimal mode conflation for time-domain precomputation of acoustic transfer},
    volume = {38},
    issn = {0730-0301, 1557-7368},
    shorttitle = {{KleinPAT}},
    url = {https://dl.acm.org/doi/10.1145/3306346.3322976},
    doi = {10.1145/3306346.3322976},
    number = {4},
    journal = {ACM Transactions on Graphics},
    author = {Wang, Jui-Hsien and James, Doug L.},
    month = aug,
    year = {2019},
}

@misc{clarke_realimpact_2023,
    title={RealImpact: A Dataset of Impact Sound Fields for Real Objects}, 
    author={Samuel Clarke and Ruohan Gao and Mason Wang and Mark Rau and Julia Xu and Jui-Hsien Wang and Doug L. James and Jiajun Wu},
    year={2023},
    eprint={2306.09944},
    archivePrefix={arXiv},
}

@inproceedings{engel_ddsp_2020,
    title={DDSP: Differentiable Digital Signal Processing},
    author={Jesse Engel and Lamtharn (Hanoi) Hantrakul and Chenjie Gu and Adam Roberts},
    booktitle={International Conference on Learning Representations},
    year={2020},
    url={https://openreview.net/forum?id=B1x1ma4tDr}
}
